@INPROCEEDINGS{cooper-et-al-sose,
  author =       {Peter Cooper and Tom Crick and Theo Tryfonas},
  title =        {{Smart Data-Harnessing for Financial Value in Short-Term Hire Electric Car Schemes}},
  booktitle =    {{10th IEEE System of Systems Engineering Conference (SoSE 2015)}},
  year =         {2015},
  note =         {(in press)}
}

@INPROCEEDINGS{cosgrave-et-al:2014,
  author =       {Ellie Cosgrave and Theo Tryfonas and Tom Crick},
  title =        {{The Smart City from a Public Value Perspective}},
  booktitle =    {{Proceedings of 2nd International Conference on ICT for Sustainability (ICT4S 2014)}},
  year =         {2014}
}